@online{zimmermann2015,
	author = {Paul Zimmermann and Paul Pierrat and Francois Thiriet},
	title = {Magic Squares Of Squares},
	date = {2015},
	howpublished = {\url{http://www.loria.fr/~zimmerma/papers/squares.pdf}},
}
